%YAML 1.1
%TAG !u! tag:unity3d.com,2011:
--- !u!1001 &100100000
Prefab:
  m_ObjectHideFlags: 1
  serializedVersion: 2
  m_Modification:
    m_TransformParent: {fileID: 0}
    m_Modifications: []
    m_RemovedComponents: []
  m_ParentPrefab: {fileID: 0}
  m_RootGameObject: {fileID: 1714560590944272}
  m_IsPrefabParent: 1
--- !u!1 &1508412507498692
GameObject:
  m_ObjectHideFlags: 0
  m_PrefabParentObject: {fileID: 0}
  m_PrefabInternal: {fileID: 100100000}
  serializedVersion: 5
  m_Component:
  - component: {fileID: 4112401811075754}
  - component: {fileID: 33788345663200084}
  - component: {fileID: 135783254688003822}
  - component: {fileID: 23255788238906324}
  m_Layer: 0
  m_Name: Sphere
  m_TagString: ball
  m_Icon: {fileID: 0}
  m_NavMeshLayer: 0
  m_StaticEditorFlags: 0
  m_IsActive: 1
--- !u!1 &1714560590944272
GameObject:
  m_ObjectHideFlags: 0
  m_PrefabParentObject: {fileID: 0}
  m_PrefabInternal: {fileID: 100100000}
  serializedVersion: 5
  m_Component:
  - component: {fileID: 4793239593240946}
  - component: {fileID: 54342480002109680}
  - component: {fileID: 114646292877344894}
  - component: {fileID: 114878034188496348}
  - component: {fileID: 114463927247915864}
  - component: {fileID: 114242479074009686}
  - component: {fileID: 114761885388726322}
  - component: {fileID: 114788523397828912}
  - component: {fileID: 135242968522328864}
  - component: {fileID: 114272095940717642}
  - component: {fileID: 114680060376027086}
  - component: {fileID: 114461130169948936}
  m_Layer: 0
  m_Name: Ball_Full_Rampage
  m_TagString: ball
  m_Icon: {fileID: 0}
  m_NavMeshLayer: 0
  m_StaticEditorFlags: 0
  m_IsActive: 1
--- !u!4 &4112401811075754
Transform:
  m_ObjectHideFlags: 1
  m_PrefabParentObject: {fileID: 0}
  m_PrefabInternal: {fileID: 100100000}
  m_GameObject: {fileID: 1508412507498692}
  m_LocalRotation: {x: 0, y: 0, z: 0, w: 1}
  m_LocalPosition: {x: 0, y: 0, z: 0}
  m_LocalScale: {x: 0.1, y: 0.1, z: 0.1}
  m_Children: []
  m_Father: {fileID: 4793239593240946}
  m_RootOrder: 0
  m_LocalEulerAnglesHint: {x: 0, y: 0, z: 0}
--- !u!4 &4793239593240946
Transform:
  m_ObjectHideFlags: 1
  m_PrefabParentObject: {fileID: 0}
  m_PrefabInternal: {fileID: 100100000}
  m_GameObject: {fileID: 1714560590944272}
  m_LocalRotation: {x: 0, y: 0, z: 0, w: 1}
  m_LocalPosition: {x: -0.19112456, y: 0.000000408569, z: -0.06792784}
  m_LocalScale: {x: 1, y: 1, z: 1}
  m_Children:
  - {fileID: 4112401811075754}
  m_Father: {fileID: 0}
  m_RootOrder: 0
  m_LocalEulerAnglesHint: {x: 0, y: 0, z: 0}
--- !u!23 &23255788238906324
MeshRenderer:
  m_ObjectHideFlags: 1
  m_PrefabParentObject: {fileID: 0}
  m_PrefabInternal: {fileID: 100100000}
  m_GameObject: {fileID: 1508412507498692}
  m_Enabled: 1
  m_CastShadows: 1
  m_ReceiveShadows: 1
  m_DynamicOccludee: 1
  m_MotionVectors: 1
  m_LightProbeUsage: 1
  m_ReflectionProbeUsage: 1
  m_Materials:
  - {fileID: 2100000, guid: a074c4609d63481409a01fa679acf742, type: 2}
  m_StaticBatchInfo:
    firstSubMesh: 0
    subMeshCount: 0
  m_StaticBatchRoot: {fileID: 0}
  m_ProbeAnchor: {fileID: 0}
  m_LightProbeVolumeOverride: {fileID: 0}
  m_ScaleInLightmap: 1
  m_PreserveUVs: 1
  m_IgnoreNormalsForChartDetection: 0
  m_ImportantGI: 0
  m_StitchLightmapSeams: 0
  m_SelectedEditorRenderState: 3
  m_MinimumChartSize: 4
  m_AutoUVMaxDistance: 0.5
  m_AutoUVMaxAngle: 89
  m_LightmapParameters: {fileID: 0}
  m_SortingLayerID: 0
  m_SortingLayer: 0
  m_SortingOrder: 0
--- !u!33 &33788345663200084
MeshFilter:
  m_ObjectHideFlags: 1
  m_PrefabParentObject: {fileID: 0}
  m_PrefabInternal: {fileID: 100100000}
  m_GameObject: {fileID: 1508412507498692}
  m_Mesh: {fileID: 10207, guid: 0000000000000000e000000000000000, type: 0}
--- !u!54 &54342480002109680
Rigidbody:
  m_ObjectHideFlags: 1
  m_PrefabParentObject: {fileID: 0}
  m_PrefabInternal: {fileID: 100100000}
  m_GameObject: {fileID: 1714560590944272}
  serializedVersion: 2
  m_Mass: 0.2
  m_Drag: 0
  m_AngularDrag: 0.05
  m_UseGravity: 1
  m_IsKinematic: 0
  m_Interpolate: 0
  m_Constraints: 0
  m_CollisionDetection: 1
--- !u!114 &114242479074009686
MonoBehaviour:
  m_ObjectHideFlags: 1
  m_PrefabParentObject: {fileID: 0}
  m_PrefabInternal: {fileID: 100100000}
  m_GameObject: {fileID: 1714560590944272}
  m_Enabled: 1
  m_EditorHideFlags: 0
  m_Script: {fileID: 11500000, guid: c4153b26428ccf041950b92c057812a3, type: 3}
  m_Name: 
  m_EditorClassIdentifier: 
  onHandHoverBegin:
    m_PersistentCalls:
      m_Calls: []
    m_TypeName: UnityEngine.Events.UnityEvent, UnityEngine.CoreModule, Version=0.0.0.0,
      Culture=neutral, PublicKeyToken=null
  onHandHoverEnd:
    m_PersistentCalls:
      m_Calls: []
    m_TypeName: UnityEngine.Events.UnityEvent, UnityEngine.CoreModule, Version=0.0.0.0,
      Culture=neutral, PublicKeyToken=null
  onAttachedToHand:
    m_PersistentCalls:
      m_Calls: []
    m_TypeName: UnityEngine.Events.UnityEvent, UnityEngine.CoreModule, Version=0.0.0.0,
      Culture=neutral, PublicKeyToken=null
  onDetachedFromHand:
    m_PersistentCalls:
      m_Calls: []
    m_TypeName: UnityEngine.Events.UnityEvent, UnityEngine.CoreModule, Version=0.0.0.0,
      Culture=neutral, PublicKeyToken=null
--- !u!114 &114272095940717642
MonoBehaviour:
  m_ObjectHideFlags: 1
  m_PrefabParentObject: {fileID: 0}
  m_PrefabInternal: {fileID: 100100000}
  m_GameObject: {fileID: 1714560590944272}
  m_Enabled: 1
  m_EditorHideFlags: 0
  m_Script: {fileID: 11500000, guid: 98d144f848cf60341b1c7a2ac8747136, type: 3}
  m_Name: 
  m_EditorClassIdentifier: 
  rotationFrozen: 0
  draggable: 1
  forceKinematic: 0
  GrabbedRigidbody: {fileID: 0}
--- !u!114 &114461130169948936
MonoBehaviour:
  m_ObjectHideFlags: 1
  m_PrefabParentObject: {fileID: 0}
  m_PrefabInternal: {fileID: 100100000}
  m_GameObject: {fileID: 1714560590944272}
  m_Enabled: 1
  m_EditorHideFlags: 0
  m_Script: {fileID: 11500000, guid: 8586c9e556837164bbbb8fe06880e4c6, type: 3}
  m_Name: 
  m_EditorClassIdentifier: 
  hitComponent: {fileID: 114761885388726322}
  rb: {fileID: 54342480002109680}
  trail: {fileID: 0}
  customThrowableComponent: {fileID: 114680060376027086}
  cantBeThrown: 1
  cantBeThrownPuffPrefab: {fileID: 1388664134052022, guid: 7cd8e832f1c7b3c4ea87a114fde94a25,
    type: 2}
  OnPitchComplete:
    m_PersistentCalls:
      m_Calls: []
    m_TypeName: UnityEngine.Events.UnityEvent, UnityEngine.CoreModule, Version=0.0.0.0,
      Culture=neutral, PublicKeyToken=null
  debugRenderer: {fileID: 23255788238906324}
--- !u!114 &114463927247915864
MonoBehaviour:
  m_ObjectHideFlags: 1
  m_PrefabParentObject: {fileID: 0}
  m_PrefabInternal: {fileID: 100100000}
  m_GameObject: {fileID: 1714560590944272}
  m_Enabled: 1
  m_EditorHideFlags: 0
  m_Script: {fileID: 11500000, guid: ffefbea063cab884ca33e5a449e5c22c, type: 3}
  m_Name: 
  m_EditorClassIdentifier: 
  attachmentFlags: 12
  attachmentPoint: 
  catchSpeedThreshold: 0
  restoreOriginalParent: 0
  attachEaseIn: 0
  snapAttachEaseInCurve:
    serializedVersion: 2
    m_Curve:
    - serializedVersion: 2
      time: 0
      value: 0
      inSlope: 0
      outSlope: 0
      tangentMode: 0
    - serializedVersion: 2
      time: 1
      value: 1
      inSlope: 0
      outSlope: 0
      tangentMode: 0
    m_PreInfinity: 2
    m_PostInfinity: 2
    m_RotationOrder: 4
  snapAttachEaseInTime: 0.15
  attachEaseInAttachmentNames: []
  onPickUp:
    m_PersistentCalls:
      m_Calls: []
    m_TypeName: UnityEngine.Events.UnityEvent, UnityEngine.CoreModule, Version=0.0.0.0,
      Culture=neutral, PublicKeyToken=null
  onDetachFromHand:
    m_PersistentCalls:
      m_Calls: []
    m_TypeName: UnityEngine.Events.UnityEvent, UnityEngine.CoreModule, Version=0.0.0.0,
      Culture=neutral, PublicKeyToken=null
  snapAttachEaseInCompleted: 0
--- !u!114 &114646292877344894
MonoBehaviour:
  m_ObjectHideFlags: 1
  m_PrefabParentObject: {fileID: 0}
  m_PrefabInternal: {fileID: 100100000}
  m_GameObject: {fileID: 1714560590944272}
  m_Enabled: 1
  m_EditorHideFlags: 0
  m_Script: {fileID: 11500000, guid: 783750eec4c41da428b7651515146d14, type: 3}
  m_Name: 
  m_EditorClassIdentifier: 
  velocityAverageFrames: 5
  angularVelocityAverageFrames: 11
  estimateOnAwake: 0
--- !u!114 &114680060376027086
MonoBehaviour:
  m_ObjectHideFlags: 1
  m_PrefabParentObject: {fileID: 0}
  m_PrefabInternal: {fileID: 100100000}
  m_GameObject: {fileID: 1714560590944272}
  m_Enabled: 1
  m_EditorHideFlags: 0
  m_Script: {fileID: 11500000, guid: 8f5c619e2b0f9734ab39eba6c4f55f6f, type: 3}
  m_Name: 
  m_EditorClassIdentifier: 
  onHandHoverBegin:
    m_PersistentCalls:
      m_Calls: []
    m_TypeName: UnityEngine.Events.UnityEvent, UnityEngine.CoreModule, Version=0.0.0.0,
      Culture=neutral, PublicKeyToken=null
  onHandHoverEnd:
    m_PersistentCalls:
      m_Calls: []
    m_TypeName: UnityEngine.Events.UnityEvent, UnityEngine.CoreModule, Version=0.0.0.0,
      Culture=neutral, PublicKeyToken=null
  onAttachedToHand:
    m_PersistentCalls:
      m_Calls:
      - m_Target: {fileID: 114761885388726322}
        m_MethodName: SetWasHitByBat
        m_Mode: 6
        m_Arguments:
          m_ObjectArgument: {fileID: 0}
          m_ObjectArgumentAssemblyTypeName: UnityEngine.Object, UnityEngine
          m_IntArgument: 0
          m_FloatArgument: 0
          m_StringArgument: 
          m_BoolArgument: 0
        m_CallState: 2
      - m_Target: {fileID: 114788523397828912}
        m_MethodName: StopKillCount
        m_Mode: 1
        m_Arguments:
          m_ObjectArgument: {fileID: 0}
          m_ObjectArgumentAssemblyTypeName: UnityEngine.Object, UnityEngine
          m_IntArgument: 0
          m_FloatArgument: 0
          m_StringArgument: 
          m_BoolArgument: 0
        m_CallState: 2
      - m_Target: {fileID: 114461130169948936}
        m_MethodName: OnGrabbed
        m_Mode: 1
        m_Arguments:
          m_ObjectArgument: {fileID: 0}
          m_ObjectArgumentAssemblyTypeName: UnityEngine.Object, UnityEngine
          m_IntArgument: 0
          m_FloatArgument: 0
          m_StringArgument: 
          m_BoolArgument: 0
        m_CallState: 2
    m_TypeName: UnityEngine.Events.UnityEvent, UnityEngine.CoreModule, Version=0.0.0.0,
      Culture=neutral, PublicKeyToken=null
  onDetachedFromHand:
    m_PersistentCalls:
      m_Calls:
      - m_Target: {fileID: 114461130169948936}
        m_MethodName: OnReleased
        m_Mode: 1
        m_Arguments:
          m_ObjectArgument: {fileID: 0}
          m_ObjectArgumentAssemblyTypeName: UnityEngine.Object, UnityEngine
          m_IntArgument: 0
          m_FloatArgument: 0
          m_StringArgument: 
          m_BoolArgument: 0
        m_CallState: 2
      - m_Target: {fileID: 114761885388726322}
        m_MethodName: SetMass
        m_Mode: 4
        m_Arguments:
          m_ObjectArgument: {fileID: 0}
          m_ObjectArgumentAssemblyTypeName: UnityEngine.Object, UnityEngine
          m_IntArgument: 0
          m_FloatArgument: 0.2
          m_StringArgument: 
          m_BoolArgument: 0
        m_CallState: 2
    m_TypeName: UnityEngine.Events.UnityEvent, UnityEngine.CoreModule, Version=0.0.0.0,
      Culture=neutral, PublicKeyToken=null
--- !u!114 &114761885388726322
MonoBehaviour:
  m_ObjectHideFlags: 1
  m_PrefabParentObject: {fileID: 0}
  m_PrefabInternal: {fileID: 100100000}
  m_GameObject: {fileID: 1714560590944272}
  m_Enabled: 1
  m_EditorHideFlags: 0
  m_Script: {fileID: 11500000, guid: 04eb81bc019a4294bad034d14c94ddd7, type: 3}
  m_Name: 
  m_EditorClassIdentifier: 
  useTrails: 0
  onBatHit:
    m_PersistentCalls:
      m_Calls:
      - m_Target: {fileID: 114761885388726322}
        m_MethodName: SetMass
        m_Mode: 4
        m_Arguments:
          m_ObjectArgument: {fileID: 0}
          m_ObjectArgumentAssemblyTypeName: UnityEngine.Object, UnityEngine
          m_IntArgument: 0
          m_FloatArgument: 0.2
          m_StringArgument: 
          m_BoolArgument: 0
        m_CallState: 2
    m_TypeName: UnityEngine.Events.UnityEvent, UnityEngine.CoreModule, Version=0.0.0.0,
      Culture=neutral, PublicKeyToken=null
  groundHitParticle: {fileID: 100000, guid: eb5c60523d0efcb43b82bfbd0ad58bf8, type: 2}
  minParticleScale: 0.2
  maxParticleScale: 1
  particleScaleCoefficient: 0.015
  distance: 0
  positionWhenHit: {x: 0, y: 0, z: 0}
  hitGround: 0
  hasEverHitGround: 0
  initialVelocity: {x: 0, y: 0, z: 0}
  isScored: 0
  isActive: 0
  velocityDeltaThreshold: 0.05
  minSpeedThreshold: 0.05
  alreadyBeenHit: 0
--- !u!114 &114788523397828912
MonoBehaviour:
  m_ObjectHideFlags: 1
  m_PrefabParentObject: {fileID: 0}
  m_PrefabInternal: {fileID: 100100000}
  m_GameObject: {fileID: 1714560590944272}
  m_Enabled: 1
  m_EditorHideFlags: 0
  m_Script: {fileID: 11500000, guid: ad2af12478d28cb47a34ab204a11f3bd, type: 3}
  m_Name: 
  m_EditorClassIdentifier: 
  killBall: 0
  timeToLive: 15
--- !u!114 &114878034188496348
MonoBehaviour:
  m_ObjectHideFlags: 1
  m_PrefabParentObject: {fileID: 0}
  m_PrefabInternal: {fileID: 100100000}
  m_GameObject: {fileID: 1714560590944272}
  m_Enabled: 1
  m_EditorHideFlags: 0
  m_Script: {fileID: 11500000, guid: b93b6a877adcbf94c89a9d6e0c0e844d, type: 3}
  m_Name: 
  m_EditorClassIdentifier: 
--- !u!135 &135242968522328864
SphereCollider:
  m_ObjectHideFlags: 1
  m_PrefabParentObject: {fileID: 0}
  m_PrefabInternal: {fileID: 100100000}
  m_GameObject: {fileID: 1714560590944272}
  m_Material: {fileID: 13400000, guid: 219184f14383634499eb27e3777fe746, type: 2}
  m_IsTrigger: 0
  m_Enabled: 1
  serializedVersion: 2
  m_Radius: 0.05
  m_Center: {x: 0, y: 0, z: 0}
--- !u!135 &135783254688003822
SphereCollider:
  m_ObjectHideFlags: 1
  m_PrefabParentObject: {fileID: 0}
  m_PrefabInternal: {fileID: 100100000}
  m_GameObject: {fileID: 1508412507498692}
  m_Material: {fileID: 13400000, guid: 219184f14383634499eb27e3777fe746, type: 2}
  m_IsTrigger: 0
  m_Enabled: 0
  serializedVersion: 2
  m_Radius: 0.5
  m_Center: {x: 0, y: 0, z: 0}
